@article{goldstein1997axis,
  title={Axis specification in animal development},
  author={Goldstein, Bob and Freeman, Gary},
  journal={BioEssays},
  volume={19},
  number={2},
  pages={105--116},
  year={1997},
  publisher={Wiley Online Library}
}

@article{gross2017active,
  title={How active mechanics and regulatory biochemistry combine to form patterns in development},
  author={Gross, Peter and Kumar, K Vijay and Grill, Stephan W},
  journal={Annual review of biophysics},
  volume={46},
  pages={337--356},
  year={2017},
  publisher={Annual Reviews}
}

@inproceedings{meinhardt2015models,
  title={Models for patterning primary embryonic body axes: the role of space and time},
  author={Meinhardt, Hans},
  booktitle={Seminars in cell \& developmental biology},
  volume={42},
  pages={103--117},
  year={2015},
  organization={Elsevier}
}

@article{meinhardt2008models,
  title={Models of biological pattern formation: from elementary steps to the organization of embryonic axes},
  author={Meinhardt, Hans},
  journal={Current topics in developmental biology},
  volume={81},
  pages={1--63},
  year={2008},
  publisher={Elsevier}
}

@article{goldstein1996specification,
  title={Specification of the anteroposterior axis in \acl{ce}},
  author={Goldstein, Bob and Hird, Steven N},
  journal={Development},
  volume={122},
  number={5},
  pages={1467--1474},
  year={1996},
  publisher={Company of Biologists The Company of Biologists, Bidder Building, 140 Cowley~…}
}

@article{dicko2017geometry,
  title={Geometry can provide long-range mechanical guidance for embryogenesis},
  author={Dicko, Mahamar and Saramito, Pierre and Blanchard, Guy B and Lye, Claire M and Sanson, B{\'e}n{\'e}dicte and {\'E}tienne, Jocelyn},
  journal={PLoS computational biology},
  volume={13},
  number={3},
  pages={e1005443},
  year={2017},
  publisher={Public Library of Science San Francisco, CA USA}
}

@article{quinlan2016cytoplasmic,
  title={Cytoplasmic streaming in the Drosophila oocyte},
  author={Quinlan, Margot E},
  journal={Annual review of cell and developmental biology},
  volume={32},
  pages={173--195},
  year={2016},
  publisher={Annual Reviews}
}

@article{shulman2000drosophila,
  title={The Drosophila homolog of \ac{ce} PAR-1 organizes the oocyte cytoskeleton and directs oskar mRNA localization to the posterior pole},
  author={Shulman, Joshua M and Benton, Richard and St Johnston, Daniel},
  journal={Cell},
  volume={101},
  number={4},
  pages={377--388},
  year={2000},
  publisher={Elsevier}
}

@article{gonzalez1994role,
  title={Role of oocyte position in establishment of anterior-posterior polarity in Drosophila},
  author={Gonz{\'a}lez-Reyes, Acaimo and St Johnston, Daniel},
  journal={Science},
  volume={266},
  number={5185},
  pages={639--642},
  year={1994},
  publisher={American Association for the Advancement of Science}
}

@article{von1828entwicklungsgeschichte,
  title={Entwicklungsgeschichte des Hunchens im Eie},
  author={Von Baer, KE},
  journal={Bonntr{\"a}ger, K{\"o}nigsb},
  volume={315},
  year={1828}
}

@article{kochav1971bilateral,
  title={Bilateral symmetry in chick embryo determination by gravity},
  author={Kochav, Shimshon and Eyal-Giladi, Hefzibah},
  journal={Science},
  volume={171},
  number={3975},
  pages={1027--1029},
  year={1971},
  publisher={American Association for the Advancement of Science}
}

@article{tam2004embryonic,
  title={Embryonic axes: the long and short of it in the mouse},
  author={Tam, Patrick PL},
  journal={Current Biology},
  volume={14},
  number={6},
  pages={R239--R241},
  year={2004},
  publisher={Elsevier}
}

@article{vianello2019understanding,
  title={Understanding the mechanobiology of early mammalian development through bioengineered models},
  author={Vianello, Stefano and Lutolf, Matthias P},
  journal={Developmental cell},
  volume={48},
  number={6},
  pages={751--763},
  year={2019},
  publisher={Elsevier}
}

@article{hiramatsu2013external,
  title={External mechanical cues trigger the establishment of the anterior-posterior axis in early mouse embryos},
  author={Hiramatsu, Ryuji and Matsuoka, Toshiki and Kimura-Yoshida, Chiharu and Han, Sung-Woong and Mochida, Kyoko and Adachi, Taiji and Takayama, Shuichi and Matsuo, Isao},
  journal={Developmental cell},
  volume={27},
  number={2},
  pages={131--144},
  year={2013},
  publisher={Elsevier}
}

@article{matsuo2017mechanical,
  title={Mechanical perspectives on the anterior-posterior axis polarization of mouse implanted embryos},
  author={Matsuo, Isao and Hiramatsu, Ryuji},
  journal={Mechanisms of development},
  volume={144},
  pages={62--70},
  year={2017},
  publisher={Elsevier}
}

@misc{chaffey2003alberts,
  title={Alberts, B., Johnson, A., Lewis, J., Raff, M., Roberts, K. and Walter, P. Molecular biology of the cell. 4th edn.},
  author={Chaffey, Nigel},
  year={2003},
  publisher={Oxford University Press}
}

@article{bray2001cell,
  title={Cell movements: from molecules to motility, 2nd edn New York},
  author={Bray, D},
  journal={NY: Garland Publishing.[Google Scholar]},
  year={2001}
}

@article{rivero1996role,
  title={The role of the cortical cytoskeleton: F-actin crosslinking proteins protect against osmotic stress, ensure cell size, cell shape and motility, and contribute to phagocytosis and development},
  author={Rivero, Francisco and Koppel, B and Peracino, Barbara and Bozzaro, Salvatore and Siegert, Florian and Weijer, Cornelis J and Schleicher, Michael and Albrecht, Richard and Noegel, Angelika A},
  journal={Journal of Cell Science},
  volume={109},
  number={11},
  pages={2679--2691},
  year={1996},
  publisher={Company of Biologists The Company of Biologists, Bidder Building, 140 Cowley~…}
}

@article{herrmann2007intermediate,
  title={Intermediate filaments: from cell architecture to nanomechanics},
  author={Herrmann, Harald and B{\"a}r, Harald and Kreplak, Laurent and Strelkov, Sergei V and Aebi, Ueli},
  journal={Nature reviews Molecular cell biology},
  volume={8},
  number={7},
  pages={562--573},
  year={2007},
  publisher={Nature Publishing Group UK London}
}

@article{fletcher2010cell,
  title={Cell mechanics and the cytoskeleton},
  author={Fletcher, Daniel A and Mullins, R Dyche},
  journal={Nature},
  volume={463},
  number={7280},
  pages={485--492},
  year={2010},
  publisher={Nature Publishing Group UK London}
}

@inproceedings{gonczy2001spindle,
  title={Spindle Positioning during the Asymmetric First Cell Division of \acl{ce} Embroyos},
  author={G{\"o}nczy, Pierre and Grill, Stephan and Stelzer, Ernst HK and Kirkham, Matthew and Hyman, Anthony A},
  booktitle={The Cell Cycle and Development: Novartis Foundation Symposium 237},
  volume={237},
  pages={164--181},
  year={2001},
  organization={Wiley Online Library}
}

@article{erickson2007evolution,
  title={Evolution of the cytoskeleton},
  author={Erickson, Harold P},
  journal={Bioessays},
  volume={29},
  number={7},
  pages={668--677},
  year={2007},
  publisher={Wiley Online Library}
}

@article{salbreux2012actin,
  title={Actin cortex mechanics and cellular morphogenesis},
  author={Salbreux, Guillaume and Charras, Guillaume and Paluch, Ewa},
  journal={Trends in cell biology},
  volume={22},
  number={10},
  pages={536--545},
  year={2012},
  publisher={Elsevier}
}

@article{bray1988cortical,
  title={Cortical flow in animal cells},
  author={Bray, D and White, JG},
  journal={Science},
  volume={239},
  number={4842},
  pages={883--888},
  year={1988},
  publisher={American Association for the Advancement of Science}
}

@article{pollard1986actin,
  title={Actin and actin-binding proteins. A critical evaluation of mechanisms and functions},
  author={Pollard, Thomas D and Cooper, John A},
  journal={Annual review of biochemistry},
  volume={55},
  number={1},
  pages={987--1035},
  year={1986},
  publisher={Annual Reviews 4139 El Camino Way, PO Box 10139, Palo Alto, CA 94303-0139, USA}
}

@article{pollard2000molecular,
  title={Molecular mechanisms controlling actin filament dynamics in nonmuscle cells},
  author={Pollard, Thomas D and Blanchoin, Laurent and Mullins, R Dyche},
  journal={Annual review of biophysics and biomolecular structure},
  volume={29},
  number={1},
  pages={545--576},
  year={2000},
  publisher={Annual Reviews 4139 El Camino Way, PO Box 10139, Palo Alto, CA 94303-0139, USA}
}

@book{cooper2007cell,
  title={The cell: a molecular approach},
  author={Cooper, Geoffrey M and Hausman, Robert E and Hausman, Robert E},
  volume={4},
  year={2007},
  publisher={ASM press Washington, DC}
}

@article{ott1993measurement,
  title={Measurement of the persistence length of polymerized actin using fluorescence microscopy},
  author={Ott, A and Magnasco, M and Simon, A and Libchaber, A},
  journal={Physical Review E},
  volume={48},
  number={3},
  pages={R1642},
  year={1993},
  publisher={APS}
}

@article{gittes1993flexural,
  title={Flexural rigidity of microtubules and actin filaments measured from thermal fluctuations in shape.},
  author={Gittes, Frederick and Mickey, Brian and Nettleton, Jilda and Howard, Jonathon},
  journal={The Journal of cell biology},
  volume={120},
  number={4},
  pages={923--934},
  year={1993}
}

@article{fujiwara2007polymerization,
  title={Polymerization kinetics of ADP-and ADP-Pi-actin determined by fluorescence microscopy},
  author={Fujiwara, Ikuko and Vavylonis, Dimitrios and Pollard, Thomas D},
  journal={Proceedings of the National Academy of Sciences},
  volume={104},
  number={21},
  pages={8827--8832},
  year={2007},
  publisher={National Acad Sciences}
}

@article{vavylonis2005actin,
  title={Actin polymerization kinetics, cap structure, and fluctuations},
  author={Vavylonis, Dimitrios and Yang, Qingbo and O'Shaughnessy, Ben},
  journal={Proceedings of the National Academy of Sciences},
  volume={102},
  number={24},
  pages={8543--8548},
  year={2005},
  publisher={National Acad Sciences}
}

@article{wegner1982treadmilling,
  title={Treadmilling of actin at physiological salt concentrations: An analysis of the critical concentrations of actin filaments},
  author={Wegner, Albrecht},
  journal={Journal of Molecular Biology},
  volume={161},
  number={4},
  pages={607--615},
  year={1982},
  publisher={Elsevier}
}

@article{pollard2003cellular,
  title={Cellular motility driven by assembly and disassembly of actin filaments},
  author={Pollard, Thomas D and Borisy, Gary G},
  journal={Cell},
  volume={112},
  number={4},
  pages={453--465},
  year={2003},
  publisher={Elsevier}
}

@article{sanger1975changing,
  title={Changing patterns of actin localization during cell division.},
  author={Sanger, Joseph W},
  journal={Proceedings of the National Academy of Sciences},
  volume={72},
  number={5},
  pages={1913--1916},
  year={1975},
  publisher={National Acad Sciences}
}

@article{hunyadi2007microtubule,
  title={Why is the microtubule lattice helical?},
  author={Hunyadi, Vikt{\'o}ria and Chr{\'e}tien, Denis and Flyvbjerg, Henrik and J{\'a}nosi, Imre M},
  journal={Biology of the Cell},
  volume={99},
  number={2},
  pages={117--128},
  year={2007},
  publisher={Wiley Online Library}
}

@article{nogales1998structure,
  title={Structure of the ab-tubulin dimer by electron crystallography (vol. 391, pg. 199, 1998)},
  author={Nogales, E and Wolf, SG and Downing, KH},
  journal={Nature},
  volume={393},
  pages={191},
  year={1998}
}

@article{chalfie1979organization,
  title={Organization of neuronal microtubules in the nematode \acl{ce}.},
  author={Chalfie, Martin and Thomson, J Nichol},
  journal={The Journal of cell biology},
  volume={82},
  number={1},
  pages={278--289},
  year={1979}
}

@article{ledbetter1963microtubule,
  title={A" microtubule" in plant cell fine structure},
  author={Ledbetter, MC and Porter, KR},
  journal={The Journal of cell biology},
  volume={19},
  number={1},
  pages={239--250},
  year={1963},
  publisher={Rockefeller University Press}
}

@article{howard2003dynamics,
  title={Dynamics and mechanics of the microtubule plus end},
  author={Howard, Joe and Hyman, Anthony A},
  journal={Nature},
  volume={422},
  number={6933},
  pages={753--758},
  year={2003},
  publisher={Nature Publishing Group UK London}
}

@article{pearson2004dynamic,
  title={Dynamic microtubules lead the way for spindle positioning},
  author={Pearson, Chad G and Bloom, Kerry},
  journal={Nature reviews Molecular cell biology},
  volume={5},
  number={6},
  pages={481--492},
  year={2004},
  publisher={Nature Publishing Group UK London}
}

@article{grill2005theory,
  title={Theory of mitotic spindle oscillations},
  author={Grill, Stephan W and Kruse, Karsten and J{\"u}licher, Frank},
  journal={Physical review letters},
  volume={94},
  number={10},
  pages={108104},
  year={2005},
  publisher={APS}
}

@article{mikhailov1998relationship,
  title={Relationship between microtubule dynamics and lamellipodium formation revealed by direct imaging of microtubules in cells treated with nocodazole or taxol},
  author={Mikhailov, A and Gundersen, GG},
  journal={Cell motility and the cytoskeleton},
  volume={41},
  number={4},
  pages={325--340},
  year={1998},
  publisher={Wiley Online Library}
}

@article{pimenta2020pericentriolar,
  title={Pericentriolar material},
  author={Pimenta-Marques, Ana and Bettencourt-Dias, Monica},
  journal={Current Biology},
  volume={30},
  number={12},
  pages={R687--R689},
  year={2020},
  publisher={Elsevier}
}

@article{kellogg1994centrosome,
  title={The centrosome and cellular organization},
  author={Kellogg, Douglas R and Moritz, Michelle and Alberts, Bruce M},
  journal={Annual review of biochemistry},
  volume={63},
  number={1},
  pages={639--674},
  year={1994},
  publisher={Annual Reviews 4139 El Camino Way, PO Box 10139, Palo Alto, CA 94303-0139, USA}
}

@article{bettencourt2013q,
  title={Q\&A: Who needs a centrosome?},
  author={Bettencourt-Dias, M{\'o}nica},
  journal={BMC biology},
  volume={11},
  number={1},
  pages={1--7},
  year={2013},
  publisher={BioMed Central}
}

@article{grill2003distribution,
  title={The distribution of active force generators controls mitotic spindle position},
  author={Grill, Stephan W and Howard, Jonathon and Schaffer, Erik and Stelzer, Ernst HK and Hyman, Anthony A},
  journal={Science},
  volume={301},
  number={5632},
  pages={518--521},
  year={2003},
  publisher={American Association for the Advancement of Science}
}

@article{kolomeisky2007molecular,
  title={Molecular motors: a theorist's perspective},
  author={Kolomeisky, Anatoly B and Fisher, Michael E},
  journal={Annu. Rev. Phys. Chem.},
  volume={58},
  pages={675--695},
  year={2007},
  publisher={Annual Reviews}
}

@article{vale2003molecular,
  title={The molecular motor toolbox for intracellular transport},
  author={Vale, Ronald D},
  journal={Cell},
  volume={112},
  number={4},
  pages={467--480},
  year={2003},
  publisher={Elsevier}
}

@article{howard2002mechanics,
  title={Mechanics of motor proteins and the cytoskeleton},
  author={Howard, Jonathon and Clark, RL},
  journal={Appl. Mech. Rev.},
  volume={55},
  number={2},
  pages={B39--B39},
  year={2002}
}

@article{carlsson2006contractile,
  title={Contractile stress generation by actomyosin gels},
  author={Carlsson, Anders E},
  journal={Physical Review E},
  volume={74},
  number={5},
  pages={051912},
  year={2006},
  publisher={APS}
}

@article{clarke1977nonmuscle,
  title={Nonmuscle contractile proteins: the role of actin and myosin in cell motility and shape determination},
  author={Clarke, Margaret and Spudich, James A},
  journal={Annual review of biochemistry},
  volume={46},
  number={1},
  pages={797--822},
  year={1977},
  publisher={Annual Reviews 4139 El Camino Way, PO Box 10139, Palo Alto, CA 94303-0139, USA}
}

@article{hwang2009mechanical,
  title={Mechanical design of translocating motor proteins},
  author={Hwang, Wonmuk and Lang, Matthew J},
  journal={Cell biochemistry and biophysics},
  volume={54},
  pages={11--22},
  year={2009},
  publisher={Springer}
}

@misc{holmes2008myosin,
  title={Myosin structure In: Coluccio LM, ed. Myosins: a superfamily of molecular motors. Proteins and cell regulation, Vol. 7},
  author={Holmes, Kenneth C},
  year={2008},
  publisher={Berlin: Springer}
}

@article{vicente2009non,
  title={Non-muscle myosin II takes centre stage in cell adhesion and migration},
  author={Vicente-Manzanares, Miguel and Ma, Xuefei and Adelstein, Robert S and Horwitz, Alan Rick},
  journal={Nature reviews Molecular cell biology},
  volume={10},
  number={11},
  pages={778--790},
  year={2009},
  publisher={Nature Publishing Group UK London}
}

@article{robert2019force,
  title={Force generation by myosin motors: a structural perspective},
  author={Robert-Paganin, Julien and Pylypenko, Olena and Kikuti, Carlos and Sweeney, H Lee and Houdusse, Anne},
  journal={Chemical reviews},
  volume={120},
  number={1},
  pages={5--35},
  year={2019},
  publisher={ACS Publications}
}

@article{volkmann2000actomyosin,
  title={Actomyosin: law and order in motility},
  author={Volkmann, Niels and Hanein, Dorit},
  journal={Current opinion in cell biology},
  volume={12},
  number={1},
  pages={26--34},
  year={2000},
  publisher={Elsevier}
}

@article{de2004relating,
  title={Relating biochemistry and function in the myosin superfamily},
  author={De La Cruz, Enrique M and Ostap, E Michael},
  journal={Current opinion in cell biology},
  volume={16},
  number={1},
  pages={61--67},
  year={2004},
  publisher={Elsevier}
}

@article{sweeney2010structural,
  title={Structural and functional insights into the myosin motor mechanism},
  author={Sweeney, H Lee and Houdusse, Anne},
  journal={Annual review of biophysics},
  volume={39},
  pages={539--557},
  year={2010},
  publisher={Annual Reviews}
}

@article{tyska2002myosin,
  title={The myosin power stroke},
  author={Tyska, Matthew J and Warshaw, David M},
  journal={Cell motility and the cytoskeleton},
  volume={51},
  number={1},
  pages={1--15},
  year={2002},
  publisher={Wiley Online Library}
}

@article{xu2001during,
  title={During multicellular migration, myosin ii serves a structural role independent of its motor function},
  author={Xu, Xiaoxin Susan and Lee, Eunkyung and Chen, Tung-ling and Kuczmarski, Edward and Chisholm, Rex L and Knecht, David A},
  journal={Developmental biology},
  volume={232},
  number={1},
  pages={255--264},
  year={2001},
  publisher={Elsevier Science}
}

@article{mizuno2007nonequilibrium,
  title={Nonequilibrium mechanics of active cytoskeletal networks},
  author={Mizuno, Daisuke and Tardin, Catherine and Schmidt, Christoph F and MacKintosh, Frederik C},
  journal={Science},
  volume={315},
  number={5810},
  pages={370--373},
  year={2007},
  publisher={American Association for the Advancement of Science}
}

@article{laevsky2003cross,
  title={Cross-linking of actin filaments by myosin II is a major contributor to cortical integrity and cell motility in restrictive environments},
  author={Laevsky, Gary and Knecht, David A},
  journal={Journal of cell science},
  volume={116},
  number={18},
  pages={3761--3770},
  year={2003},
  publisher={Company of Biologists}
}

@article{wang2003kinetic,
  title={Kinetic mechanism of non-muscle myosin IIB: functional adaptations for tension generation and maintenance},
  author={Wang, Fei and Kov{\'a}cs, Mih{\'a}ly and Hu, Aihua and Limouze, John and Harvey, Estelle V and Sellers, James R},
  journal={Journal of Biological Chemistry},
  volume={278},
  number={30},
  pages={27439--27448},
  year={2003},
  publisher={ASBMB}
}

@article{kovacs2003functional,
  title={Functional divergence of human cytoplasmic myosin II: kinetic characterization of the non-muscle IIA isoform},
  author={Kov{\'a}cs, Mih{\'a}ly and Wang, Fei and Hu, Aihua and Zhang, Yue and Sellers, James R},
  journal={Journal of Biological Chemistry},
  volume={278},
  number={40},
  pages={38132--38140},
  year={2003},
  publisher={ASBMB}
}

@article{niederman1975human,
  title={Human platelet myosin. II. In vitro assembly and structure of myosin filaments.},
  author={Niederman, Richard and Pollard, Thomas D},
  journal={The Journal of cell biology},
  volume={67},
  number={1},
  pages={72--92},
  year={1975}
}

@article{mahajan1996assembly,
  title={Assembly mechanism of Dictyostelium myosin II: Regulation by K+, Mg2+, and actin filaments},
  author={Mahajan, Rohit K and Pardee, Joel D},
  journal={Biochemistry},
  volume={35},
  number={48},
  pages={15504--15514},
  year={1996},
  publisher={ACS Publications}
}

@article{pollard2007regulation,
  title={Regulation of actin filament assembly by Arp2/3 complex and formins},
  author={Pollard, Thomas D},
  journal={Annu. Rev. Biophys. Biomol. Struct.},
  volume={36},
  pages={451--477},
  year={2007},
  publisher={Annual Reviews}
}

@thesis{sebastian2012activeChiral,
    author={Sebastian F{\"u}rthauer},
    title={Active Chiral Processes in Soft Biological Matter},
    type={PhD Thesis},
    institution={Technische Universit{\"a}t Dresden},
    year={2012}
}

@article{zhu2016functional,
  title={Functional coordination of WAVE and WASP in \ac{ce} neuroblast migration},
  author={Zhu, Zhiwen and Chai, Yongping and Jiang, Yuxiang and Li, Wenjing and Hu, Huifang and Li, Wei and Wu, Jia-Wei and Wang, Zhi-Xin and Huang, Shanjin and Ou, Guangshuo},
  journal={Developmental cell},
  volume={39},
  number={2},
  pages={224--238},
  year={2016},
  publisher={Elsevier}
}

@article{hartwig1991cytoskeleton,
  title={The cytoskeleton of the resting human blood platelet: structure of the membrane skeleton and its attachment to actin filaments.},
  author={Hartwig, John H and DeSisto, Michelle},
  journal={The Journal of cell biology},
  volume={112},
  number={3},
  pages={407--425},
  year={1991}
}

@article{heuser1980filament,
  title={Filament organization revealed in platinum replicas of freeze-dried cytoskeletons.},
  author={Heuser, J Eo and Kirschner, MeW},
  journal={The Journal of cell biology},
  volume={86},
  number={1},
  pages={212--234},
  year={1980}
}

@article{morone2006three,
  title={Three-dimensional reconstruction of the membrane skeleton at the plasma membrane interface by electron tomography},
  author={Morone, Nobuhiro and Fujiwara, Takahiro and Murase, Kotono and Kasai, Rinshi S and Ike, Hiroshi and Yuasa, Shigeki and Usukura, Jiro and Kusumi, Akihiro},
  journal={The Journal of cell biology},
  volume={174},
  number={6},
  pages={851--862},
  year={2006},
  publisher={Rockefeller University Press}
}

@article{medalia2002macromolecular,
  title={Macromolecular architecture in eukaryotic cells visualized by cryoelectron tomography},
  author={Medalia, Ohad and Weber, Igor and Frangakis, Achilleas S and Nicastro, Daniela and Gerisch, Gunther and Baumeister, Wolfgang},
  journal={Science},
  volume={298},
  number={5596},
  pages={1209--1213},
  year={2002},
  publisher={American Association for the Advancement of Science}
}

@article{pesen2005micromechanical,
  title={Micromechanical architecture of the endothelial cell cortex},
  author={Pesen, Devrim and Hoh, Jan H},
  journal={Biophysical journal},
  volume={88},
  number={1},
  pages={670--679},
  year={2005},
  publisher={Elsevier}
}

@article{clark2013monitoring,
  title={Monitoring actin cortex thickness in live cells},
  author={Clark, Andrew G and Dierkes, Kai and Paluch, Ewa K},
  journal={Biophysical journal},
  volume={105},
  number={3},
  pages={570--580},
  year={2013},
  publisher={Elsevier}
}

@article{kumar2021actomyosin,
  title={The actomyosin cortex of cells: A thin film of active matter},
  author={Kumar, K Vijay},
  journal={Journal of the Indian Institute of Science},
  volume={101},
  number={1},
  pages={97--112},
  year={2021},
  publisher={Springer}
}

@article{fritzsche2016actin,
  title={Actin kinetics shapes cortical network structure and mechanics},
  author={Fritzsche, Marco and Erlenk{\"a}mper, Christoph and Moeendarbary, Emad and Charras, Guillaume and Kruse, Karsten},
  journal={Science advances},
  volume={2},
  number={4},
  pages={e1501337},
  year={2016},
  publisher={American Association for the Advancement of Science}
}

@article{saha2016determining,
  title={Determining physical properties of the cell cortex},
  author={Saha, Arnab and Nishikawa, Masatoshi and Behrndt, Martin and Heisenberg, Carl-Philipp and J{\"u}licher, Frank and Grill, Stephan W},
  journal={Biophysical journal},
  volume={110},
  number={6},
  pages={1421--1429},
  year={2016},
  publisher={Elsevier}
}

@article{mayer2010anisotropies,
  title={Anisotropies in cortical tension reveal the physical basis of polarizing cortical flows},
  author={Mayer, Mirjam and Depken, Martin and Bois, Justin S and J{\"u}licher, Frank and Grill, Stephan W},
  journal={Nature},
  volume={467},
  number={7315},
  pages={617--621},
  year={2010},
  publisher={Nature Publishing Group UK London}
}

@article{stewart2011hydrostatic,
  title={Hydrostatic pressure and the actomyosin cortex drive mitotic cell rounding},
  author={Stewart, Martin P and Helenius, Jonne and Toyoda, Yusuke and Ramanathan, Subramanian P and Muller, Daniel J and Hyman, Anthony A},
  journal={Nature},
  volume={469},
  number={7329},
  pages={226--230},
  year={2011},
  publisher={Nature Publishing Group UK London}
}

@article{kunda2008moesin,
  title={Moesin controls cortical rigidity, cell rounding, and spindle morphogenesis during mitosis},
  author={Kunda, Patricia and Pelling, Andrew E and Liu, Tao and Baum, Buzz},
  journal={Current biology},
  volume={18},
  number={2},
  pages={91--101},
  year={2008},
  publisher={Elsevier}
}

@article{zhou2009actomyosin,
  title={Actomyosin stiffens the vertebrate embryo during crucial stages of elongation and neural tube closure},
  author={Zhou, Jian and Kim, Hye Young and Davidson, Lance A},
  year={2009},
  publisher={Oxford University Press for The Company of Biologists Limited}
}

@article{martin2010pulsation,
  title={Pulsation and stabilization: contractile forces that underlie morphogenesis},
  author={Martin, Adam C},
  journal={Developmental biology},
  volume={341},
  number={1},
  pages={114--125},
  year={2010},
  publisher={Elsevier}
}

@article{rauzi2011cortical,
  title={Cortical forces in cell shape changes and tissue morphogenesis},
  author={Rauzi, Matteo and Lenne, Pierre-Fran{\c{c}}ois},
  journal={Current topics in developmental biology},
  volume={95},
  pages={93--144},
  year={2011},
  publisher={Elsevier}
}

@article{kruse2004Asters,
  title = {Asters, Vortices, and Rotating Spirals in Active Gels of Polar Filaments},
  author = {Kruse, K. and Joanny, J. F. and J\"ulicher, F. and Prost, J. and Sekimoto, K.},
  journal = {Phys. Rev. Lett.},
  volume = {92},
  issue = {7},
  pages = {078101},
  numpages = {4},
  year = {2004},
  month = {2},
  publisher = {American Physical Society},
  doi = {10.1103/PhysRevLett.92.078101},
  url = {https://link.aps.org/doi/10.1103/PhysRevLett.92.078101}
}

@article{Kruse2005GenericTO,
  title={Generic theory of active polar gels: a paradigm for cytoskeletal dynamics},
  author={Karsten Kruse and Jean Francois Joanny and Frank J{\"u}licher and Jacques Prost and Ken Sekimoto},
  journal={The European Physical Journal E},
  year={2005},
  volume={16},
  pages={5-16}
}

@article{Prost2015ActiveGP,
  title={Active gel physics},
  author={Jacques Prost and Frank J{\"u}licher and Jean Francois Joanny},
  journal={Nature Physics},
  year={2015},
  volume={11},
  pages={111-117}
}

@article{toner1995long,
  title={Long-range order in a two-dimensional dynamical XY model: how birds fly together},
  author={Toner, John and Tu, Yuhai},
  journal={Physical review letters},
  volume={75},
  number={23},
  pages={4326},
  year={1995},
  publisher={APS}
}

@article{tu1998sound,
  title={Sound waves and the absence of Galilean invariance in flocks},
  author={Tu, Yuhai and Toner, John and Ulm, Markus},
  journal={Physical review letters},
  volume={80},
  number={21},
  pages={4819},
  year={1998},
  publisher={APS}
}

@article{toner1998flocks,
  title={Flocks, herds, and schools: A quantitative theory of flocking},
  author={Toner, John and Tu, Yuhai},
  journal={Physical review E},
  volume={58},
  number={4},
  pages={4828},
  year={1998},
  publisher={APS}
}

@article{marenduzzo2007hydrodynamics,
  title={Hydrodynamics and rheology of active liquid crystals: a numerical investigation},
  author={Marenduzzo, D and Orlandini, E and Yeomans, JM},
  journal={Physical review letters},
  volume={98},
  number={11},
  pages={118102},
  year={2007},
  publisher={APS}
}

@article{fielding2011nonlinear,
  title={Nonlinear dynamics and rheology of active fluids: Simulations in two dimensions},
  author={Fielding, Suzanne M and Marenduzzo, Davide and Cates, Michael E},
  journal={Physical Review E},
  volume={83},
  number={4},
  pages={041910},
  year={2011},
  publisher={APS}
}

@article{giomi2011excitable,
  title={Excitable patterns in active nematics},
  author={Giomi, Luca and Mahadevan, Lakshminarayanan and Chakraborty, Bulbul and Hagan, Michael F},
  journal={Physical review letters},
  volume={106},
  number={21},
  pages={218101},
  year={2011},
  publisher={APS}
}

@article{elgeti2011defect,
  title={Defect hydrodynamics in 2D polar active fluids},
  author={Elgeti, J and Cates, ME and Marenduzzo, D},
  journal={Soft Matter},
  volume={7},
  number={7},
  pages={3177--3185},
  year={2011},
  publisher={Royal Society of Chemistry}
}

@article{gunther2007spontaneous,
  title={Spontaneous waves in muscle fibres},
  author={G{\"u}nther, Stefan and Kruse, Karsten},
  journal={new Journal of physics},
  volume={9},
  number={11},
  pages={417},
  year={2007},
  publisher={IOP Publishing}
}

@article{banerjee2011instabilities,
  title={Instabilities and oscillations in isotropic active gels},
  author={Banerjee, Shiladitya and Marchetti, M Cristina},
  journal={Soft Matter},
  volume={7},
  number={2},
  pages={463--473},
  year={2011},
  publisher={Royal Society of Chemistry}
}

@article{ranft2010fluidization,
  title={Fluidization of tissues by cell division and apoptosis},
  author={Ranft, Jonas and Basan, Markus and Elgeti, Jens and Joanny, Jean-Fran{\c{c}}ois and Prost, Jacques and J{\"u}licher, Frank},
  journal={Proceedings of the National Academy of Sciences},
  volume={107},
  number={49},
  pages={20863--20868},
  year={2010},
  publisher={National Acad Sciences}
}

@article{simha2002hydrodynamic,
  title={Hydrodynamic fluctuations and instabilities in ordered suspensions of self-propelled particles},
  author={Simha, R Aditi and Ramaswamy, Sriram},
  journal={Physical review letters},
  volume={89},
  number={5},
  pages={058101},
  year={2002},
  publisher={APS}
}

@article{hatwalne2004rheology,
  title={Rheology of active-particle suspensions},
  author={Hatwalne, Yashodhan and Ramaswamy, Sriram and Rao, Madan and Simha, R Aditi},
  journal={Physical review letters},
  volume={92},
  number={11},
  pages={118101},
  year={2004},
  publisher={APS}
}

@article{onsager1931reciprocalI,
  title={Reciprocal relations in irreversible processes. I.},
  author={Onsager, Lars},
  journal={Physical review},
  volume={37},
  number={4},
  pages={405},
  year={1931},
  publisher={APS}
}

@article{onsager1931reciprocalII,
  title={Reciprocal relations in irreversible processes. II.},
  author={Onsager, Lars},
  journal={Physical review},
  volume={38},
  number={12},
  pages={2265},
  year={1931},
  publisher={APS}
}

@article{casimir1945onsager,
  title={On Onsager's principle of microscopic reversibility},
  author={Casimir, H Bo Go},
  journal={Reviews of Modern Physics},
  volume={17},
  number={2-3},
  pages={343},
  year={1945},
  publisher={APS}
}

@article{mazur1953onsager,
  title={On onsager's relations in a magnetic field},
  author={Mazur, P and De Groot, SR},
  journal={Physica},
  volume={19},
  number={1-12},
  pages={961--970},
  year={1953},
  publisher={Elsevier}
}

@article{curie1894symmetry,
  title={On symmetry in physical phenomena, symmetry of an electric field and of a magnetic field},
  author={Curie, Pierre},
  journal={Journal de Physique},
  volume={3},
  pages={401},
  year={1894}
}

@book{larson1999structure,
  title={The structure and rheology of complex fluids},
  author={Larson, Ronald G},
  volume={150},
  year={1999},
  publisher={Oxford university press New York}
}

@article{wb1988nematode,
  title={The nematode \acl{ce}},
  author={Wood WB, Brenner S},
  journal={Cold Spring Harbor Laboratory},
  volume={1},
  number={988},
  pages={1091--1105},
  year={1988}
}

@article{brenner1974genetics,
  title={The genetics of \acl{ce}},
  author={Brenner, Sydney},
  journal={Genetics},
  volume={77},
  number={1},
  pages={71--94},
  year={1974},
  publisher={Oxford University Press}
}

@article{brenner2003nature,
  title={Nature's gift to science},
  author={Brenner, Sydney},
  journal={CHEMBIOCHEM-WEINHEIM-},
  volume={4},
  pages={683--687},
  year={2003},
  publisher={Citeseer}
}

@article{haag2005evolution,
  title={The evolution of nematode sex determination: \ac{ce} as a reference point for comparative biology.},
  author={Haag, Eric S},
  journal={WormBook},
  pages={1},
  year={2005},
  publisher={Various}
}

@article{corsi2015transparent,
  title={A transparent window into biology: a primer on \acl{ce}},
  author={Corsi, Ann K and Wightman, Bruce and Chalfie, Martin},
  journal={Genetics},
  volume={200},
  number={2},
  pages={387--407},
  year={2015},
  publisher={Oxford University Press}
}

@article{hu2007dauer,
  title={Dauer},
  author={Hu, Patrick J},
  journal={WormBook: The Online Review of \ac{ce} Biology},
  year={2007},
  publisher={WormBook}
}

@article{boulin2006reporter,
  title={Reporter gene fusions},
  author={Boulin, Thomas and Etchberger, John F and Hobert, Oliver},
  journal={WormBook: The Online Review of \ac{ce} Biology},
  year={2006},
  publisher={WormBook}
}

@article{lee2009regulation,
  title={Regulation of the longevity response to temperature by thermosensory neurons in \acl{ce}},
  author={Lee, Seung-Jae and Kenyon, Cynthia},
  journal={Current biology},
  volume={19},
  number={9},
  pages={715--722},
  year={2009},
  publisher={Elsevier}
}

@article{sulston1983embryonic,
  title={The embryonic cell lineage of the nematode \acl{ce}},
  author={Sulston, John E and Schierenberg, Einhard and White, John G and Thomson, J Nichol},
  journal={Developmental biology},
  volume={100},
  number={1},
  pages={64--119},
  year={1983},
  publisher={Elsevier}
}

@article{kimble1979postembryonic,
  title={The postembryonic cell lineages of the hermaphrodite and male gonads in \acl{ce}},
  author={Kimble, Judith and Hirsh, David},
  journal={Developmental biology},
  volume={70},
  number={2},
  pages={396--417},
  year={1979},
  publisher={Elsevier}
}

@article{sulston1975dopaminergic,
  title={Dopaminergic neurons in the nematode \acl{ce}},
  author={Sulston, J and Dew, M and Brenner, S},
  journal={Journal of Comparative Neurology},
  volume={163},
  number={2},
  pages={215--226},
  year={1975},
  publisher={Wiley Online Library}
}

@article{c1998genome,
  title={Genome sequence of the nematode \ac{ce}: a platform for investigating biology},
  author={\ac{ce} Sequencing Consortium*},
  journal={Science},
  volume={282},
  number={5396},
  pages={2012--2018},
  year={1998},
  publisher={American Association for the Advancement of Science}
}

@article{kamath2003genome,
  title={Genome-wide RNAi screening in \acl{ce}},
  author={Kamath, Ravi S and Ahringer, Julie},
  journal={Methods},
  volume={30},
  number={4},
  pages={313--321},
  year={2003},
  publisher={Elsevier}
}

@article{chalfie1994green,
  title={Green fluorescent protein as a marker for gene expression},
  author={Chalfie, Martin and Tu, Yuan and Euskirchen, Ghia and Ward, William W and Prasher, Douglas C},
  journal={Science},
  volume={263},
  number={5148},
  pages={802--805},
  year={1994},
  publisher={American Association for the Advancement of Science}
}

@article{cuenca2003polarization,
  title={Polarization of the \ac{ce} zygote proceeds via distinct establishment and maintenance phases},
  author={Cuenca, Adrian A and Schetter, Aaron and Aceto, Donato and Kemphues, Kenneth and Seydoux, Geraldine},
  year={2003},
  publisher={Oxford University Press for The Company of Biologists Limited}
}

@article{rose2014polarity,
  title={Polarity establishment, asymmetric division and segregation of fate determinants in early \ac{ce} embryos},
  author={Rose, Lesilee and G{\"o}nczy, Pierre},
  journal={WormBook: The Online Review of \ac{ce} Biology},
  year={2014},
  publisher={WormBook}
}

@article{strome1989generation,
  title={Generation of cell diversity during early embryogenesis in the nematode \acl{ce}},
  author={Strome, Susan},
  journal={International review of cytology},
  volume={114},
  pages={81--123},
  year={1989},
  publisher={Elsevier}
}

@thesis{mirjam2010mechanics,
    author={Mirjam Mayer},
    title={Mechanics of the \acs{ce} cell cortex},
    type={PhD Thesis},
    institution={Technische Universit{\"a}t Dresden},
    year={2010}
}

@thesis{sundar2012regulation,
    author={Sundar R. Naganathan},
    title={Regulation of mesoscale physical properties of the \acs{ce} actomyosin cortex},
    type={PhD Thesis},
    institution={Technische Universit{\"a}t Dresden},
    year={2012}
}

@article{gonczy2008mechanisms,
  title={Mechanisms of asymmetric cell division: flies and worms pave the way},
  author={G{\"o}nczy, Pierre},
  journal={Nature reviews Molecular cell biology},
  volume={9},
  number={5},
  pages={355--366},
  year={2008},
  publisher={Nature Publishing Group UK London}
}

@article{kimble2005germline,
  title={Germline proliferation and its control},
  author={Kimble, Judith and Crittenden, Sarah L},
  journal={WormBook: The Online Review of \ac{ce} Biology},
  year={2005},
  publisher={WormBook}
}

@article{niwayama2011hydrodynamic,
  title={Hydrodynamic property of the cytoplasm is sufficient to mediate cytoplasmic streaming in the Caenorhabiditis elegans embryo},
  author={Niwayama, Ritsuya and Shinohara, Kyosuke and Kimura, Akatsuki},
  journal={Proceedings of the National Academy of Sciences},
  volume={108},
  number={29},
  pages={11900--11905},
  year={2011},
  publisher={National Acad Sciences}
}

@article{reymann2016cortical,
  title={Cortical flow aligns actin filaments to form a furrow},
  author={Reymann, Anne-Cecile and Staniscia, Fabio and Erzberger, Anna and Salbreux, Guillaume and Grill, Stephan W},
  journal={Elife},
  volume={5},
  pages={e17807},
  year={2016},
  publisher={eLife Sciences Publications Limited}
}

@article{gross2019guiding,
  title={Guiding self-organized pattern formation in cell polarity establishment},
  author={Gross, Peter and Kumar, K Vijay and Goehring, Nathan W and Bois, Justin S and Hoege, Carsten and J{\"u}licher, Frank and Grill, Stephan W},
  journal={Nature Physics},
  volume={15},
  number={3},
  pages={293--300},
  year={2019},
  publisher={Nature Publishing Group}
}

@article{julicher2018hydrodynamic,
  title={Hydrodynamic theory of active matter},
  author={J{\"u}licher, Frank and Grill, Stephan W and Salbreux, Guillaume},
  journal={Reports on Progress in Physics},
  volume={81},
  number={7},
  pages={076601},
  year={2018},
  publisher={IOP Publishing}
}

@article{gessele2020geometric,
  title={Geometric cues stabilise long-axis polarisation of PAR protein patterns in C. elegans},
  author={Ge{\ss}ele, Raphaela and Halatek, Jacob and W{\"u}rthner, Laeschkir and Frey, Erwin},
  journal={Nature communications},
  volume={11},
  number={1},
  pages={539},
  year={2020},
  publisher={Nature Publishing Group UK London}
}

@article{kimuraCytoplasmicFlows,
author = {Kimura, Kenji and Kimura, Akatsuki},
title = {Cytoplasmic streaming drifts the polarity cue and enables posteriorization of the \acl{ce} zygote at the side opposite of sperm entry},
journal = {Molecular Biology of the Cell},
volume = {31},
number = {16},
pages = {1765-1773},
year = {2020},
doi = {10.1091/mbc.E20-01-0058},
note ={PMID: 32459552}
}

% Introduction references
@book{GerhartKirschnerCells,
    title={Cells, Embryos, And Evolution},
    author={John Gerhart, Marc Kirschner},
    year={1997},
    isbn={0-86542-574-4},
    publisher={Blackwell Science}
}

@article{sagyMechanicsOrganoid,
    author = {Sagy, Naor and Slovin, Shaked and Allalouf, Maya and Pour, Maayan and Savyon, Gaya and Boxman, Jonathan and Nachman, Iftach},
    title = "{Prediction and control of symmetry breaking in embryoid bodies by environment and signal integration}",
    journal = {Development},
    volume = {146},
    number = {20},
    year = {2019},
    month = {10},
    issn = {0950-1991},
    doi = {10.1242/dev.181917},
    url = {https://doi.org/10.1242/dev.181917},
    note = {dev181917}
}

@article{mesnardMouse2004,
	title = {The Anterior-Posterior Axis Emerges Respecting the Morphology of the Mouse Embryo that Changes and Aligns with the Uterus before Gastrulation},
	journal = {Current Biology},
	volume = {14},
	number = {3},
	pages = {184-196},
	year = {2004},
	issn = {0960-9822},
	doi = {https://doi.org/10.1016/j.cub.2004.01.026},
	url = {https://www.sciencedirect.com/science/article/pii/S0960982204000107},
	author = {Daniel Mesnard and Mario Filipe and José A. Belo and Magdalena Zernicka-Goetz}
}

@article{zhang2019mouse,
  title={Mouse embryo geometry drives formation of robust signaling gradients through receptor localization},
  author={Zhang, Zhechun and Zwick, Steven and Loew, Ethan and Grimley, Joshua S and Ramanathan, Sharad},
  journal={Nature communications},
  volume={10},
  number={1},
  pages={1--14},
  year={2019},
  publisher={Nature Publishing Group}
}

@article{etoc2016balance,
  title={A balance between secreted inhibitors and edge sensing controls gastruloid self-organization},
  author={Etoc, Fred and Metzger, Jakob and Ruzo, Albert and Kirst, Christoph and Yoney, Anna and Ozair, M Zeeshan and Brivanlou, Ali H and Siggia, Eric D},
  journal={Developmental cell},
  volume={39},
  number={3},
  pages={302--315},
  year={2016},
  publisher={Elsevier}
}

@article{vianello2019mammalBioEngineer,
  title={Understanding the mechanobiology of early mammalian development through bioengineered models},
  author={Vianello, Stefano and Lutolf, Matthias P},
  journal={Developmental cell},
  volume={48},
  number={6},
  pages={751--763},
  year={2019},
  publisher={Elsevier}
}

@article{munster2018integrin,
  title={Integrin-mediated attachment of the blastoderm to the vitelline envelope impacts gastrulation of insects},
  author={M{\"u}nster, Stefan and Jain, Akanksha and Mietke, Alexander and Pavlopoulos, Anastasios and Grill, Stephan W and Tomancak, Pavel},
  journal={BioRxiv},
  pages={421701},
  year={2018},
  publisher={Cold Spring Harbor Laboratory}
}

@article{guo1995par1,
  title={par-1, a gene required for establishing polarity in \ac{ce} embryos, encodes a putative Ser/Thr kinase that is asymmetrically distributed},
  author={Guo, Su and Kemphues, Kenneth J},
  journal={Cell},
  volume={81},
  number={4},
  pages={611--620},
  year={1995},
  publisher={Elsevier}
}

@article{gonczy2005asymmetric,
  title={Asymmetric cell division and axis formation in the embryo.},
  author={G{\"o}nczy, Pierre and Rose, Lesilee S},
  journal={WormBook},
  pages={1},
  year={2005},
  publisher={Various}
}

@article{motegi2013network,
  title={The PAR network: redundancy and robustness in a symmetry-breaking system},
  author={Motegi, Fumio and Seydoux, Geraldine},
  journal={Philosophical Transactions of the Royal Society B: Biological Sciences},
  volume={368},
  number={1629},
  pages={20130010},
  year={2013},
  publisher={The Royal Society}
}

@article{hoege2013principles,
  title={Principles of PAR polarity in \acl{ce} embryos},
  author={Hoege, Carsten and Hyman, Anthony A},
  journal={Nature reviews Molecular cell biology},
  volume={14},
  number={5},
  pages={315--322},
  year={2013},
  publisher={Nature Publishing Group}
}

@article{lang2017proteins,
  title={The PAR proteins: from molecular circuits to dynamic self-stabilizing cell polarity},
  author={Lang, Charles F and Munro, Edwin},
  journal={Development},
  volume={144},
  number={19},
  pages={3405--3416},
  year={2017},
  publisher={The Company of Biologists Ltd}
}

@article{schonegg2006cdc,
  title={CDC-42 and RHO-1 coordinate acto-myosin contractility and PAR protein localization during polarity establishment in \ac{ce} embryos},
  author={Schonegg, Stephanie and Hyman, Anthony A},
  year={2006},
  journal={Development},
  publisher={Oxford University Press for The Company of Biologists Limited}
}

@article{reich2019regulated,
  title={Regulated activation of the PAR polarity network ensures a timely and specific response to spatial cues},
  author={Reich, Jacob D and Hubatsch, Lars and Illukkumbura, Rukshala and Peglion, Florent and Bland, Tom and Hirani, Nisha and Goehring, Nathan W},
  journal={Current Biology},
  volume={29},
  number={12},
  pages={1911--1923},
  year={2019},
  publisher={Elsevier}
}

@article{zhao2019aurora,
  title={Aurora-A breaks symmetry in contractile actomyosin networks independently of its role in centrosome maturation},
  author={Zhao, Peng and Teng, Xiang and Tantirimudalige, Sarala Neomi and Nishikawa, Masatoshi and Wohland, Thorsten and Toyama, Yusuke and Motegi, Fumio},
  journal={Developmental cell},
  volume={48},
  number={5},
  pages={631--645},
  year={2019},
  publisher={Elsevier}
}

@article{kapoor2019centrosome,
  title={Centrosome Aurora A regulates RhoGEF ECT-2 localisation and ensures a single PAR-2 polarity axis in \ac{ce} embryos},
  author={Kapoor, Sukriti and Kotak, Sachin},
  journal={Development},
  volume={146},
  number={22},
  pages={dev174565},
  year={2019},
  publisher={The Company of Biologists Ltd}
}

@article{klinkert2019aurora,
  title={Aurora A depletion reveals centrosome-independent polarization mechanism in \acl{ce}},
  author={Klinkert, Kerstin and Levernier, Nicolas and Gross, Peter and Gentili, Christian and von Tobel, Lukas and Pierron, Marie and Busso, Coralie and Herrman, Sarah and Grill, Stephan W and Kruse, Karsten and others},
  journal={Elife},
  volume={8},
  pages={e44552},
  year={2019},
  publisher={eLife Sciences Publications Limited}
}

@article{cowan2004centrosomes,
  title={Centrosomes direct cell polarity independently of microtubule assembly in \ac{ce} embryos},
  author={Cowan, Carrie R and Hyman, Anthony A},
  journal={Nature},
  volume={431},
  number={7004},
  pages={92--96},
  year={2004},
  publisher={Nature Publishing Group}
}

@article{o2000spd,
  title={The spd-2 gene is required for polarization of the anteroposterior axis and formation of the sperm asters in the \acl{ce} zygote},
  author={O'Connell, Kevin Fe and Maxwell, Kara N and White, John O},
  journal={Developmental biology},
  volume={222},
  number={1},
  pages={55--70},
  year={2000},
  publisher={Elsevier}
}

@article{de2020mitochondria,
  title={Mitochondria-derived H2O2 promotes symmetry breaking of the \ac{ce} zygote},
  author={De Henau, Sasha and Pag{\`e}s-Gallego, Marc and Pannekoek, Willem-Jan and Dansen, Tobias B},
  journal={Developmental cell},
  volume={53},
  number={3},
  pages={263--271},
  year={2020},
  publisher={Elsevier}
}

@article{goehring2011advectionpolarization,
  title={Polarization of PAR proteins by advective triggering of a pattern-forming system},
  author={Goehring, Nathan W and Trong, Philipp Khuc and Bois, Justin S and Chowdhury, Debanjan and Nicola, Ernesto M and Hyman, Anthony A and Grill, Stephan W},
  journal={Science},
  volume={334},
  number={6059},
  pages={1137--1141},
  year={2011},
  publisher={American Association for the Advancement of Science}
}

@article{bois2011pattern,
  title={Pattern formation in active fluids},
  author={Bois, Justin S and J{\"u}licher, Frank and Grill, Stephan W},
  journal={Physical review letters},
  volume={106},
  number={2},
  pages={028103},
  year={2011},
  publisher={APS}
}

@article{motegi2011microtubules,
  title={Microtubules induce self-organization of polarized PAR domains in \acl{ce} zygotes},
  author={Motegi, Fumio and Zonies, Seth and Hao, Yingsong and Cuenca, Adrian A and Griffin, Erik and Seydoux, Geraldine},
  journal={Nature cell biology},
  volume={13},
  number={11},
  pages={1361--1367},
  year={2011},
  publisher={Nature Publishing Group}
}

@book{riddle1997celegans,
  title={\ac{ce} Ii},
  author={Riddle, Donald L and Blumenthal, Thomas and Meyer, Barbara J and Priess, James R},
  year={1997},
  publisher={Cold spring harbor laboratory press}
}

@article{schneider2003cell,
  title={Cell polarity and the cytoskeleton in the \acl{ce} zygote},
  author={Schneider, Stephan Q and Bowerman, Bruce},
  journal={Annual review of genetics},
  volume={37},
  number={1},
  pages={221--249},
  year={2003},
  publisher={Annual Reviews 4139 El Camino Way, PO Box 10139, Palo Alto, CA 94303-0139, USA}
}

@article{mcCarter1999ovulation,
  title={On the Control of Oocyte Meiotic Maturation and Ovulation in \acl{ce}},
  author={McCarter, James and Bartlett, Bart and Dang, Thanh and Schedl, Tim},
  journal={Developmental biology},
  volume={205},
  pages={111--128},
  year={1999},
  publisher={Elsevier}
}

@article{johnston2012eggshell,
author = {Johnston, Wendy and Dennis, James},
year = {2012},
month = {04},
pages = {333-49},
title = {The eggshell in the \ac{ce} oocyte-to-embryo transition},
volume = {50},
journal = {Genesis (New York, N.Y. : 2000)},
doi = {10.1002/dvg.20823}
}

@article{ward1979fertilization,
  title={Fertilization and sperm competition in the nematode\acl{ce}},
  author={Ward, Samuel and Carrel, John S},
  journal={Developmental biology},
  volume={73},
  number={2},
  pages={304--321},
  year={1979},
  publisher={Elsevier}
}

@article{mittasch2018non,
  title={Non-invasive perturbations of intracellular flow reveal physical principles of cell organization},
  author={Mittasch, Matth{\"a}us and Gross, Peter and Nestler, Michael and Fritsch, Anatol W and Iserman, Christiane and Kar, Mrityunjoy and Munder, Matthias and Voigt, Axel and Alberti, Simon and Grill, Stephan W and others},
  journal={Nature cell biology},
  volume={20},
  number={3},
  pages={344--351},
  year={2018},
  publisher={Nature Publishing Group}
}

@article{cowan2004asymmetric,
  title={Asymmetric cell division in \ac{ce}: cortical polarity and spindle positioning},
  author={Cowan, Carrie R and Hyman, Anthony A},
  journal={Annu. Rev. Cell Dev. Biol.},
  volume={20},
  pages={427--453},
  year={2004},
  publisher={Annual Reviews}
}

@article{zonies2010symmetry,
  title={Symmetry breaking and polarization of the \ac{ce} zygote by the polarity protein PAR-2},
  author={Zonies, Seth and Motegi, Fumio and Hao, Yingsong and Seydoux, Geraldine},
  journal={Development},
  volume={137},
  number={10},
  pages={1669--1677},
  year={2010},
  publisher={Company of Biologists}
}

@article{miyazaki2015cell,
  title={Cell-sized spherical confinement induces the spontaneous formation of contractile actomyosin rings in vitro},
  author={Miyazaki, Makito and Chiba, Masataka and Eguchi, Hiroki and Ohki, Takashi and Ishiwata, Shin’ichi},
  journal={Nature cell biology},
  volume={17},
  number={4},
  pages={480--489},
  year={2015},
  publisher={Nature Publishing Group}
}

@article{julicher2022surface,
  author = {Salbreux, Guillaume and Jülicher, Frank and Prost, Jacques and Callan-Jones, Andrew},
  journal = {Phys. Rev. Research},
  title = {Theory of nematic and polar active fluid surfaces},
  year = {2022},
  volume = {4},
  pages = {033158},
}

@article{tse2012nop1,
  title={RhoA activation during polarization and cytokinesis of the early \acl{ce} embryo is differentially dependent on NOP-1 and CYK-4},
  author={Tse, Yu Chung and Werner, Michael and Longhini, Katrina M and Labbe, Jean-Claude and Goldstein, Bob and Glotzer, Michael},
  journal={Molecular biology of the cell},
  volume={23},
  number={20},
  pages={4020--4031},
  year={2012},
  publisher={Am Soc Cell Biol}
}

@article{wallenfang2000polarization,
  title={Polarization of the anterior--posterior axis of \ac{ce} is a microtubule-directed process},
  author={Wallenfang, Matthew R and Seydoux, Geraldine},
  journal={Nature},
  volume={408},
  number={6808},
  pages={89--92},
  year={2000},
  publisher={Nature Publishing Group}
}

@article{nigon1960architecture,
  title={L'architecture polaire de l'oeuf et les mouvements des constituants cellulaires au cours des premi{\`e}res {\'e}tapes du d{\'e}veloppement chez quelques n{\'e}matodes},
  author={Nigon, V and Guerrier, P and Monin, H},
  journal={Bull. Biol. Fr. Belg},
  volume={93},
  pages={131--202},
  year={1960}
}

@article{nigon2018history,
  title={History of research on \ac{ce} and other free-living nematodes as model organisms},
  author={Nigon, Victor Marc and F{\'e}lix, Marie-Anne},
  journal={WormBook: The Online Review of \ac{ce} Biology [Internet]},
  year={2018},
  publisher={WormBook}
}

@article{aras2018importance,
  title={The importance of mechanical constraints for proper polarization and psuedo-cleavage furrow generation in the early \acl{ce} embryo},
  author={Aras, Bet{\"u}l Senay and Zhou, YC and Dawes, Adriana and Chou, Ching-Shan},
  journal={PLoS computational biology},
  volume={14},
  number={7},
  pages={e1006294},
  year={2018},
  publisher={Public Library of Science San Francisco, CA USA}
}

@article{rose1995pseudocleavage,
  title={Pseudocleavage is dispensable for polarity and development in \ac{ce} embryos},
  author={Rose, Lesilee S and Lamb, Melissa L and Hird, Steven N and Kemphues, Kenneth J},
  journal={Developmental biology},
  volume={168},
  number={2},
  pages={479--489},
  year={1995},
  publisher={Elsevier}
}

@book{de2013non,
  title={Non-equilibrium thermodynamics},
  author={De Groot, Sybren Ruurds and Mazur, Peter},
  year={1984},
  publisher={Dover Publications Inc., Mineola, N. Y.}
}

@book{de1993physics,
    title={The physics of liquid crystals},
    author={De Gennes, Pierre-Gilles and Prost, Jacques},
    number={83},
    year={1993},
    publisher={Oxford university press}
}

@Inbook{begasse2011,
author="Begasse, Maria L.
and Hyman, Anthony A.",
editor="Kubiak, Jacek Z.",
title="The First Cell Cycle of the \acl{ce} Embryo: Spatial and Temporal Control of an Asymmetric Cell Division",
bookTitle="Cell Cycle in Development",
year="2011",
publisher="Springer Berlin Heidelberg",
address="Berlin, Heidelberg",
pages="109--133",
abstract="Throughout the development of an organism, it is essential that the cell cycle machinery is fine-tuned to generate cells of different fate. A series of asymmetric cell divisions leads to lineage specification. The \acl{ce} embryo is an excellent system to study various aspects of the early embryonic cell cycle. The invariant nature of the rapid cell divisions is the key feature for studying the effects of small perturbations to a complex process such as the cell cycle. The thorough characterization of the asymmetric first cell division of the \acs{ce} embryo has given great insight on how the oscillations of the cell cycle coordinate with the cytoplasmic rearrangements that ultimately lead to two developmentally distinct daughter cells.",
isbn="978-3-642-19065-0",
doi="10.1007/978-3-642-19065-0_6",
url="https://doi.org/10.1007/978-3-642-19065-0_6"
}

@article{goldstein2007proteins,
  title={The PAR proteins: fundamental players in animal cell polarization},
  author={Goldstein, Bob and Macara, Ian G},
  journal={Developmental cell},
  volume={13},
  number={5},
  pages={609--622},
  year={2007},
  publisher={Elsevier}
}

@article{knoblich2001asymmetric,
  title={Asymmetric cell division during animal development},
  author={Knoblich, Juergen A},
  journal={Nature reviews Molecular cell biology},
  volume={2},
  number={1},
  pages={11--20},
  year={2001},
  publisher={Nature Publishing Group UK London}
}

@article{kemphues1988identification,
  title={Identification of genes required for cytoplasmic localization in early \acs{ce} embryos},
  author={Kemphues, Kenneth J and Priess, James R and Morton, Diane G and Cheng, Niansheng},
  journal={Cell},
  volume={52},
  number={3},
  pages={311--320},
  year={1988},
  publisher={Elsevier}
}

@article{schubert2000mex,
  title={MEX-5 and MEX-6 function to establish soma/germline asymmetry in early \acs{ce} embryos},
  author={Schubert, Charlotte M and Lin, Rueyling and De Vries, Corry J and Plasterk, Ronald HA and Priess, James R},
  journal={Molecular cell},
  volume={5},
  number={4},
  pages={671--682},
  year={2000},
  publisher={Elsevier}
}

@article{petravsek2008characterization,
  title={Characterization of protein dynamics in asymmetric cell division by scanning fluorescence correlation spectroscopy},
  author={Petr{\'a}{\v{s}}ek, Zden{\v{e}}k and Hoege, Carsten and Mashaghi, Alireza and Ohrt, Thomas and Hyman, Anthony A and Schwille, Petra},
  journal={Biophysical journal},
  volume={95},
  number={11},
  pages={5476--5486},
  year={2008},
  publisher={Elsevier}
}

@article{goehring2011proteins,
  title={PAR proteins diffuse freely across the anterior--posterior boundary in polarized \acs{ce} embryos},
  author={Goehring, Nathan W and Hoege, Carsten and Grill, Stephan W and Hyman, Anthony A},
  journal={Journal of Cell Biology},
  volume={193},
  number={3},
  pages={583--594},
  year={2011},
  publisher={The Rockefeller University Press}
}

@article{motegi2006sequential,
  title={Sequential functioning of the ECT-2 RhoGEF, RHO-1 and CDC-42 establishes cell polarity in \acl{ce} embryos},
  author={Motegi, Fumio and Sugimoto, Asako},
  journal={Nature cell biology},
  volume={8},
  number={9},
  pages={978--985},
  year={2006},
  publisher={Nature Publishing Group UK London}
}

@article{bienkowska2012centrosomes,
  title={Centrosomes can initiate a polarity axis from any position within one-cell \acs{ce} embryos},
  author={Bienkowska, Dominika and Cowan, Carrie R},
  journal={Current biology},
  volume={22},
  number={7},
  pages={583--589},
  year={2012},
  publisher={Elsevier}
}

@article{munro2004cortical,
  title={Cortical flows powered by asymmetrical contraction transport PAR proteins to establish and maintain anterior-posterior polarity in the early \acs{ce} embryo},
  author={Munro, Edwin and Nance, Jeremy and Priess, James R},
  journal={Developmental cell},
  volume={7},
  number={3},
  pages={413--424},
  year={2004},
  publisher={Elsevier}
}

@article{gubieda2020going,
  title={Going with the flow: insights from \acl{ce} zygote polarization},
  author={Gubieda, Alicia G and Packer, John R and Squires, Iolo and Martin, Jack and Rodriguez, Josana},
  journal={Philosophical Transactions of the Royal Society B},
  volume={375},
  number={1809},
  pages={20190555},
  year={2020},
  publisher={The Royal Society}
}

% Methods

@article{shaner2004improved,
  title={Improved monomeric red, orange and yellow fluorescent proteins derived from Discosoma sp. red fluorescent protein},
  author={Shaner, Nathan C and Campbell, Robert E and Steinbach, Paul A and Giepmans, Ben NG and Palmer, Amy E and Tsien, Roger Y},
  journal={Nature biotechnology},
  volume={22},
  number={12},
  pages={1567--1572},
  year={2004},
  publisher={Nature Publishing Group UK London}
}

@article{park2008comprehensive,
  title={Comprehensive identification of PIP3-regulated PH domains from C. elegans to H. sapiens by model prediction and live imaging},
  author={Park, Wei Sun and Do Heo, Won and Whalen, James H and O'Rourke, Nancy A and Bryan, Heather M and Meyer, Tobias and Teruel, Mary N},
  journal={Molecular cell},
  volume={30},
  number={3},
  pages={381--392},
  year={2008},
  publisher={Elsevier}
}

@article{edelstein2014advanced,
  title={Advanced methods of microscope control using $\mu$Manager software},
  author={Edelstein, Arthur D and Tsuchida, Mark A and Amodaj, Nenad and Pinkard, Henry and Vale, Ronald D and Stuurman, Nico},
  journal={Journal of biological methods},
  volume={1},
  number={2},
  year={2014},
  publisher={NIH Public Access}
}

@article{timmons2001ingestion,
  title={Ingestion of bacterially expressed dsRNAs can produce specific and potent genetic interference in Caenorhabditis elegans},
  author={Timmons, Lisa and Court, Donald L and Fire, Andrew},
  journal={Gene},
  volume={263},
  number={1-2},
  pages={103--112},
  year={2001},
  publisher={Elsevier}
}

@article{schindelin2012fiji,
  title={Fiji: an open-source platform for biological-image analysis},
  author={Schindelin, Johannes and Arganda-Carreras, Ignacio and Frise, Erwin and Kaynig, Verena and Longair, Mark and Pietzsch, Tobias and Preibisch, Stephan and Rueden, Curtis and Saalfeld, Stephan and Schmid, Benjamin and others},
  journal={Nature methods},
  volume={9},
  number={7},
  pages={676--682},
  year={2012},
  publisher={Nature Publishing Group}
}

@article{linkert2010metadata,
  title={Metadata matters: access to image data in the real world},
  author={Linkert, Melissa and Rueden, Curtis T and Allan, Chris and Burel, Jean-Marie and Moore, Will and Patterson, Andrew and Loranger, Brian and Moore, Josh and Neves, Carlos and MacDonald, Donald and others},
  journal={Journal of Cell Biology},
  volume={189},
  number={5},
  pages={777--782},
  year={2010},
  publisher={The Rockefeller University Press}
}

@manual{python38,
  title={{Python: A dynamic, open source programming language}},
  author={{Python Core Team}},
  organization={{Python Software Foundation}},
  year={2019},
  url={https://www.python.org/},
  note={Python version 3.8}
}

@article{buades2011non,
  title={Non-local means denoising},
  author={Buades, Antoni and Coll, Bartomeu and Morel, Jean-Michel},
  journal={Image Processing On Line},
  volume={1},
  pages={208--212},
  year={2011}
}

@article{opencv,
  author={Bradski, G.},
  citeulike-article-id={2236121},
  journal={Dr. Dobb's Journal of Software Tools},
  keywords={bibtex-import},
  posted-at={2008-01-15 19:21:54},
  priority={4},
  title={{The OpenCV Library}},
  year={2000}
}

@article{numpy,
  author = {Harris, Charles R and Millman, K Jarrod and van der Walt, St{\'{e}}fan J and Gommers, Ralf and Virtanen, Pauli and Cournapeau, David and Wieser, Eric and Taylor, Julian and Berg, Sebastian and Smith, Nathaniel J and Kern, Robert and Picus, Matti and Hoyer, Stephan and van Kerkwijk, Marten H and Brett, Matthew and Haldane, Allan and del R{\'{i}}o, Jaime Fern{\'{a}}ndez and Wiebe, Mark and Peterson, Pearu and G{\'{e}}rard-Marchant, Pierre and Sheppard, Kevin and Reddy, Tyler and Weckesser, Warren and Abbasi, Hameer and Gohlke, Christoph and Oliphant, Travis E},
  doi = {10.1038/s41586-020-2649-2},
  issn = {1476-4687},
  journal = {Nature},
  number = {7825},
  pages = {357--362},
  title = {{Array programming with NumPy}},
  url = {https://doi.org/10.1038/s41586-020-2649-2},
  volume = {585},
  year = {2020}
}

@article{scipy,
  author={
    {Virtanen}, Pauli and
    {Gommers}, Ralf and
    {Oliphant}, Travis E. and
    {Haberland}, Matt and
    {Reddy}, Tyler and
    {Cournapeau}, David and
    {Burovski}, Evgeni and
    {Peterson}, Pearu and
    {Weckesser}, Warren and
    {Bright}, Jonathan and
    {van der Walt}, St{\'e}fan J. and
    {Brett}, Matthew and
    {Wilson}, Joshua and
    {Jarrod Millman}, K. and
    {Mayorov}, Nikolay and
    {Nelson}, Andrew R.~J. and
    {Jones}, Eric and
    {Kern}, Robert and
    {Larson}, Eric and
    {Carey}, CJ and
    {Polat}, {\.I}lhan and
    {Feng}, Yu and
    {Moore}, Eric W. and
    {VanderPlas}, Jake and
    {Laxalde}, Denis and
    {Perktold}, Josef and
    {Cimrman}, Robert and
    {Henriksen}, Ian and
    {Quintero}, E.~A. and
    {Harris}, Charles R and
    {Archibald}, Anne M. and
    {Ribeiro}, Ant{\^o}nio H. and
    {Pedregosa}, Fabian and
    {van Mulbregt}, Paul and
    {Contributors}, SciPy 1.0
  },
  title="{SciPy 1.0: Fundamental Algorithms for Scientific Computing in Python}",
  journal={Nature Methods},
  year="2020",
  adsurl={https://rdcu.be/b08Wh},
  doi={https://doi.org/10.1038/s41592-019-0686-2},
}

@Misc{tifffile,
Author = "Christoph Gohlke",
Title = "Read and write TIFF files",
Note = {https://github.com/cgohlke/tifffile},
doi = {https://doi.org/10.5281/zenodo.6795860},
year = "2019",
}

@article{thielicke2014pivlab,
  title={PIVlab--towards user-friendly, affordable and accurate digital particle image velocimetry in MATLAB},
  author={Thielicke, William and Stamhuis, Eize},
  journal={Journal of open research software},
  volume={2},
  number={1},
  year={2014},
  publisher={Ubiquity Press}
}

@book{MATLAB:2016a,
    year = {2016},
    author = {MATLAB},
    title = {version 9.0.0.341360 (R2016a)},
    publisher = {The MathWorks Inc.},
    address = {Natick, Massachusetts}
}

@online{imageJGuide,
    author={ImageJ},
    title={ImageJ User Guide},
    url={https://imagej.nih.gov/ij/docs/guide/146-28.html#sub:Threshold...[T]},
    urldate={2023-02-11},
}

@thesis{mirna2015linking,
    author={Mirna Kramer},
    title={Linking cytoplasmic flows to the centering mechanism of the anterior-posterior body axis in \ac{ce}},
    type={Master Thesis},
    institution={Technische Universit{\"a}t Dresden},
    year={2015}
}

@article{kuwahara1976processing,
  title={Processing of RI-angiocardiographic images},
  author={Kuwahara, Michiyoshi and Hachimura, Kozaburo and Eiho, Shigeru and Kinoshita, Masato},
  journal={Digital processing of biomedical images},
  pages={187--202},
  year={1976},
  publisher={Springer}
}

@book{raffel1998particle,
  title={Particle image velocimetry: a practical guide},
  author={Raffel, Markus and Willert, Christian E and Kompenhans, J{\"u}rgen and others},
  volume={2},
  year={1998},
  publisher={Springer}
}

% Results

@article{shelton1999nonmuscle,
  title={The nonmuscle myosin regulatory light chain gene mlc-4 is required for cytokinesis, anterior-posterior polarity, and body morphology during Caenorhabditis elegans embryogenesis},
  author={Shelton, Christopher A and Carter, J Clayton and Ellis, Gregory C and Bowerman, Bruce},
  journal={The Journal of cell biology},
  volume={146},
  number={2},
  pages={439--451},
  year={1999},
  publisher={The Rockefeller University Press}
}

@article{piekny2002rho,
  title={Rho-binding kinase (LET-502) and myosin phosphatase (MEL-11) regulate cytokinesis in the early Caenorhabditis elegans embryo},
  author={Piekny, Alisa J and Mains, Paul E},
  journal={Journal of cell science},
  volume={115},
  number={11},
  pages={2271--2282},
  year={2002},
  publisher={Company of Biologists}
}

@article{najafabadi2022orchestrating,
  title={Orchestrating Non-muscle myosin II filament assembly at the onset of cytokinesis},
  author={Najafabadi, Fereshteh R and Leaver, Mark and Grill, Stephan W},
  journal={Molecular Biology of the Cell},
  pages={mbc--E21},
  year={2022},
  publisher={Am Soc Cell Biol}
}

@article{geles2001germline,
  title={Germline and developmental roles of the nuclear transport factor importin ($\alpha$) 3 in C. elegans},
  author={Geles, Kenneth G and Adam, Stephen A},
  journal={Development},
  volume={128},
  number={10},
  pages={1817--1830},
  year={2001},
  publisher={Company of Biologists The Company of Biologists, Bidder Building, 140 Cowley~…}
}

@article{sonnichsen2005full,
  title={Full-genome RNAi profiling of early embryogenesis in Caenorhabditis elegans},
  author={S{\"o}nnichsen, B and Koski, LB and Walsh, A and Marschall, P and Neumann, B and Brehm, M and Alleaume, A-M and Artelt, J and Bettencourt, P and Cassin, E and others},
  journal={Nature},
  volume={434},
  number={7032},
  pages={462--469},
  year={2005},
  publisher={Nature Publishing Group}
}

@article{ko2002novel,
  title={A novel thioredoxin-like protein encoded by the C. elegans dpy-11 gene is required for body and sensory organ morphogenesis},
  author={Ko, Frankie CF and Chow, King L},
  year={2002},
  publisher={Oxford University Press for The Company of Biologists Limited}
}

@article{yamamoto2017asymmetric,
  title={An asymmetric attraction model for the diversity and robustness of cell arrangement in nematodes},
  author={Yamamoto, Kazunori and Kimura, Akatsuki},
  journal={Development},
  volume={144},
  number={23},
  pages={4437--4449},
  year={2017},
  publisher={The Company of Biologists Ltd}
}

@article{de2016dynein,
  title={Dynein transmits polarized actomyosin cortical flows to promote centrosome separation},
  author={De Simone, Alessandro and N{\'e}d{\'e}lec, Fran{\c{c}}ois and G{\"o}nczy, Pierre},
  journal={Cell reports},
  volume={14},
  number={9},
  pages={2250--2262},
  year={2016},
  publisher={Elsevier}
}

@article{hannak2001aurora,
  title={Aurora-A kinase is required for centrosome maturation in Caenorhabditis elegans},
  author={Hannak, Eva and Kirkham, Matthew and Hyman, Anthony A and Oegema, Karen},
  journal={The Journal of cell biology},
  volume={155},
  number={7},
  pages={1109--1116},
  year={2001},
  publisher={Rockefeller University Press}
}

@article{gotta2001distinct,
  title={Distinct roles for G$\alpha$ and G$\beta$$\gamma$ in regulating spindle position and orientation in Caenorhabditis elegans embryos},
  author={Gotta, Monica and Ahringer, Julie},
  journal={Nature cell biology},
  volume={3},
  number={3},
  pages={297--300},
  year={2001},
  publisher={Nature Publishing Group}
}

@article{nguyen2007coupling,
  title={Coupling of cortical dynein and G$\alpha$ proteins mediates spindle positioning in Caenorhabditis elegans},
  author={Nguyen-Ngoc, Tu and Afshar, Katayoun and G{\"o}nczy, Pierre},
  journal={Nature cell biology},
  volume={9},
  number={11},
  pages={1294--1302},
  year={2007},
  publisher={Nature Publishing Group UK London}
}

@article{colombo2003translation,
  title={Translation of polarity cues into asymmetric spindle positioning in Caenorhabditis elegans embryos},
  author={Colombo, Kelly and Grill, Stephan W and Kimple, Randall J and Willard, Francis S and Siderovski, David P and Gonczy, Pierre},
  journal={Science},
  volume={300},
  number={5627},
  pages={1957--1961},
  year={2003},
  publisher={American Association for the Advancement of Science}
}

@article{lee2015self,
  title={Self-organization and advective transport in the cell polarity formation for asymmetric cell division},
  author={Lee, Sungrim Seirin and Shibata, Tatsuo},
  journal={Journal of theoretical biology},
  volume={382},
  pages={1--14},
  year={2015},
  publisher={Elsevier}
}

@article{halatek2018rethinking,
  title={Rethinking pattern formation in reaction--diffusion systems},
  author={Halatek, Jacob and Frey, Erwin},
  journal={Nature Physics},
  volume={14},
  number={5},
  pages={507--514},
  year={2018},
  publisher={Nature Publishing Group UK London}
}

@article{robin2014single,
  title={Single-molecule analysis of cell surface dynamics in Caenorhabditis elegans embryos},
  author={Robin, Fran{\c{c}}ois B and McFadden, William M and Yao, Baixue and Munro, Edwin M},
  journal={Nature methods},
  volume={11},
  number={6},
  pages={677--682},
  year={2014},
  publisher={Nature Publishing Group US New York}
}

@article{sailer2015dynamic,
  title={Dynamic opposition of clustered proteins stabilizes cortical polarity in the C. elegans zygote},
  author={Sailer, Anne and Anneken, Alexander and Li, Younan and Lee, Sam and Munro, Edwin},
  journal={Developmental cell},
  volume={35},
  number={1},
  pages={131--142},
  year={2015},
  publisher={Elsevier}
}

@article{nitschke2018nematic,
  title={Nematic liquid crystals on curved surfaces: a thin film limit},
  author={Nitschke, Ingo and Nestler, Michael and Praetorius, Simon and L{\"o}wen, Hartmut and Voigt, Axel},
  journal={Proceedings of the Royal Society A: Mathematical, Physical and Engineering Sciences},
  volume={474},
  number={2214},
  pages={20170686},
  year={2018},
  publisher={The Royal Society Publishing}
}

@article{nestler2020properties,
  title={Properties of surface Landau--de Gennes Q-tensor models},
  author={Nestler, Michael and Nitschke, Ingo and L{\"o}wen, Hartmut and Voigt, Axel},
  journal={Soft matter},
  volume={16},
  number={16},
  pages={4032--4042},
  year={2020},
  publisher={Royal Society of Chemistry}
}

@article{nitschke2020liquid,
  title={Liquid crystals on deformable surfaces},
  author={Nitschke, Ingo and Reuther, Sebastian and Voigt, Axel},
  journal={Proceedings of the Royal Society A},
  volume={476},
  number={2241},
  pages={20200313},
  year={2020},
  publisher={The Royal Society Publishing}
}

@article{arroyo2009relaxation,
  title={Relaxation dynamics of fluid membranes},
  author={Arroyo, Marino and DeSimone, Antonio},
  journal={Physical review E},
  volume={79},
  number={3},
  pages={031915},
  year={2009},
  publisher={APS}
}

@article{tanaka2000simulation,
  title={Simulation method of colloidal suspensions with hydrodynamic interactions: Fluid particle dynamics},
  author={Tanaka, Hajime and Araki, Takeaki},
  journal={Physical review letters},
  volume={85},
  number={6},
  pages={1338},
  year={2000},
  publisher={APS}
}

@article{Li_CMS_2009,
	author = {Li, X. and Lowengrub, J. and R\"atz A. and Voigt, A.},
	journal = {Commun. Math. Sci.},
	title = {Solving PDE's in complex geometries: A diffuse domain approach},
	year = {2009},
	volume={7},
	pages={81--107},
}

@Article{Nestler_JCP_2019,
  author    = {Michael Nestler and Ingo Nitschke and Axel Voigt},
  journal   = {Journal of Computational Physics},
  title     = {A finite element approach for vector- and tensor-valued surface {PDEs}},
  year      = {2019},
  pages     = {48--61},
  volume    = {389},
  doi       = {10.1016/j.jcp.2019.03.006},
  keywords  = {sfem},
  publisher = {Elsevier {BV}},
}

% Discussion
@article{yi2011dynamic,
  title={Dynamic maintenance of asymmetric meiotic spindle position through Arp2/3-complex-driven cytoplasmic streaming in mouse oocytes},
  author={Yi, Kexi and Unruh, Jay R and Deng, Manqi and Slaughter, Brian D and Rubinstein, Boris and Li, Rong},
  journal={Nature cell biology},
  volume={13},
  number={10},
  pages={1252--1258},
  year={2011},
  publisher={Nature Publishing Group}
}

@article{wang2020symmetry,
  title={Symmetry breaking in hydrodynamic forces drives meiotic spindle rotation in mammalian oocytes},
  author={Wang, HaiYang and Li, Yizeng and Yang, Jing and Duan, Xing and Kalab, Petr and Sun, Sean X and Li, Rong},
  journal={Science advances},
  volume={6},
  number={14},
  pages={eaaz5004},
  year={2020},
  publisher={American Association for the Advancement of Science}
}

@article{goldstein2015physical,
  title={A physical perspective on cytoplasmic streaming},
  author={Goldstein, Raymond E and van de Meent, Jan-Willem},
  journal={Interface focus},
  volume={5},
  number={4},
  pages={20150030},
  year={2015},
  publisher={The Royal Society}
}

@article{deneke2019self,
  title={Self-organized nuclear positioning synchronizes the cell cycle in Drosophila embryos},
  author={Deneke, Victoria E and Puliafito, Alberto and Krueger, Daniel and Narla, Avaneesh V and De Simone, Alessandro and Primo, Luca and Vergassola, Massimo and De Renzis, Stefano and Di Talia, Stefano},
  journal={Cell},
  volume={177},
  number={4},
  pages={925--941},
  year={2019},
  publisher={Elsevier}
}

@article{axisConvergence,
  title={Axis convergence in \ac{ce} embryos},
  author={Bhatnagar, Archit and Nestler, Michael and Groß, Peter and Kramer, Mirna and Leaver, Mark and Voigt, Axel and Grill, Stephan W.},
  year={Manuscript in preparation}
}